@book{book:aima,
  author    = {Stuart J. Russell and
               Peter Norvig},
  title     = {Artificial Intelligence - {A} Modern Approach {(3.} internat. ed.)},
  publisher = {Pearson Education},
  year      = {2010},
  url       = {http://vig.pearsoned.com/store/product/1,1207,store-12521_isbn-0136042597,00.html},
  isbn      = {978-0-13-207148-2},
  timestamp = {Fri, 04 Feb 2011 09:56:38 +0100},
  biburl    = {https://dblp.org/rec/bib/books/daglib/0023820},
  bibsource = {dblp computer science bibliography, https://dblp.org}
}

@Inbook{Manhattan,
author="Craw, Susan",
editor="Sammut, Claude
and Webb, Geoffrey I.",
title="Manhattan Distance",
bookTitle="Encyclopedia of Machine Learning and Data Mining",
year="2017",
publisher="Springer US",
address="Boston, MA",
pages="790--791",
isbn="978-1-4899-7687-1",
doi="10.1007/978-1-4899-7687-1_511",
url="https://doi.org/10.1007/978-1-4899-7687-1_511"
}

@inproceedings{DLV-system,
  author    = {Nicola Leone and
               Gerald Pfeifer and
               Wolfgang Faber and
               Francesco Calimeri and
               Tina Dell'Armi and
               Thomas Eiter and
               Georg Gottlob and
               Giovambattista Ianni and
               Giuseppe Ielpa and
               Christoph Koch and
               Simona Perri and
               Axel Polleres},
  title     = {The {DLV} System},
  booktitle = {Logics in Artificial Intelligence, European Conference, {JELIA} 2002,
               Cosenza, Italy, September, 23-26, Proceedings},
  pages     = {537--540},
  year      = {2002},
  crossref  = {DBLP:conf/jelia/2002},
  url       = {https://doi.org/10.1007/3-540-45757-7_50},
  doi       = {10.1007/3-540-45757-7_50},
  timestamp = {Sun, 12 Nov 2017 16:01:30 +0100},
  biburl    = {https://dblp.org/rec/bib/conf/jelia/LeonePFCDEGIIKPP02},
  bibsource = {dblp computer science bibliography, https://dblp.org}
}

@proceedings{DBLP:conf/jelia/2002,
  editor    = {Sergio Flesca and
               Sergio Greco and
               Nicola Leone and
               Giovambattista Ianni},
  title     = {Logics in Artificial Intelligence, European Conference, {JELIA} 2002,
               Cosenza, Italy, September, 23-26, Proceedings},
  series    = {Lecture Notes in Computer Science},
  volume    = {2424},
  publisher = {Springer},
  year      = {2002},
  url       = {https://doi.org/10.1007/3-540-45757-7},
  doi       = {10.1007/3-540-45757-7},
  isbn      = {3-540-44190-5},
  timestamp = {Thu, 15 Jun 2017 21:42:21 +0200},
  biburl    = {https://dblp.org/rec/bib/conf/jelia/2002},
  bibsource = {dblp computer science bibliography, https://dblp.org}
}

